

@book{1,
  author = {陈光梦}, 
  title = {高频电路基础},
  publisher = {复旦大学出版社},
  isbn={978-7-309-12045-5},
  year = {2016}
  }

@book{2,
  author = {王勇}, 
  title = {模拟与数字电路实验},
  publisher = {复旦大学出版社},
  isbn={978-7-309-09473-2},
  year = {2013}
  }
  
@article{罗伟雄2003调频收音机评述,
  author={罗伟雄},
  title={调频收音机评述},
  journal={电子世界},
  year={2003},
  number={1},
  pages={47--48}
}

@article{杨文娟2020电力电子变压器中高频变压器的设计方法,
  author={杨文娟},
  title={电力电子变压器中高频变压器的设计方法},
  journal={电子测试},
  year={2020},
  number={18},
  pages={38--39}
}

@article{赵晓阳2016超外差式收音机的调制解调原理,  
  author={赵晓阳 and 孙伟}, 
  title={超外差式收音机的调制解调原理}, 
  journal={信息技术}, 
  year={2016}, 
  number={1}, 
  pages={192--194}
}

@book{谢,
  author = {冯军 and 谢嘉奎}, 
  title = {电子线路(非线性部分)},
  publisher = {高等教育出版社},
  isbn={978-7-040-30142-7},
  year = {2010}
  }
  
@misc{调频广播接收机测量方法, 
  title={调频广播接收机测量方法}, 
  howpublished={Standards}
}

@misc{频率范围从87.5至108.0MHz的VHF/FM声音广播无线电数据系统的规范替代BS,
  title={频率范围从87.5至108.0 MHz的VHF/FM声音广播无线电数据系统的规范替代BS EN 50067:1998},
  howpublished={Standards}
}